% bmc_article.bib
% 
%  An example of bibtex entries.
%  Entries taken from BMC instructions for authors page.

% uncomment next line to make author-year bibliography
% @settings{label, options="nameyear"}


% ======================== Fahad References ============
@article{Satti2020,
author = {Satti, Fahad Ahmed and Ali, Taqdir and Hussain, Jamil and Khan, Wajahat Ali and Khattak, Asad Masood and Lee, Sungyoung},
doi = {10.1007/s00607-020-00837-2},
issn = {14365057},
journal = {Computing},
keywords = {Big data,Data curation,Data interoperability,Healthcare information systems},
title = {{Ubiquitous Health Profile (UHPr): a big data curation platform for supporting health data interoperability}},
year = {2020}
}

@misc{CIMI2015,
author = {CIMI},
title = {{Clinical Information Modeling Initiative (CIMI)}},
url = {http://www.opencimi.org/},
urldate = {2020-03-19},
year = {2015}
}

@misc{loinc,
title = {{LOINC}},
url = {https://loinc.org/},
urldate = {2019-03-19}
}


@misc{snomedct_url,
title = {{SNOMED Clinical Terminologies}},
url = {http://www.snomed.org/snomed-ct/five-step-briefing},
urldate = {2020-03-19}
}

@book{geraci1991ieee,
  title={IEEE standard computer dictionary: Compilation of IEEE standard computer glossaries},
  author={Geraci, Anne and Katki, Freny and McMonegal, Louise and Meyer, Bennett and Lane, John and Wilson, Paul and Radatz, Jane and Yee, Mary and Porteous, Hugh and Springsteel, Fredrick},
  year={1991},
  publisher={IEEE Press}
}

@misc{Himss_url2013,
author = {{Healthcare Information and Management Systems Society}},
booktitle = {Himss},
keywords = {Himss},
pages = {2013},
title = {{Definition of Interoperability}},
url = {http://www.himss.org/library/interoperability-standards/what-is},
year = {2013}
}

@article{khan2013process,
  title={Process interoperability in healthcare systems with dynamic semantic web services},
  author={Khan, Wajahat Ali and Hussain, Maqbool and Latif, Khalid and Afzal, Muhammad and Ahmad, Farooq and Lee, Sungyoung},
  journal={Computing},
  volume={95},
  number={9},
  pages={837--862},
  year={2013},
  publisher={Springer}
}

@article{ali2017multi,
  title={Multi-model-based interactive authoring environment for creating shareable medical knowledge},
  author={Ali, Taqdir and Hussain, Maqbool and Khan, Wajahat Ali and Afzal, Muhammad and Hussain, Jamil and Ali, Rahman and Hassan, Waseem and Jamshed, Arif and Kang, Byeong Ho and Lee, Sungyoung},
  journal={Computer Methods and Programs in Biomedicine},
  volume={150},
  pages={41--72},
  year={2017},
  publisher={Elsevier}
}
@inproceedings{pan2016design,
	title={Design a novel electronic medical record system for regional clinics and health centers in China},
	author={Pan, Lijun and Fu, Xiaoting and Cai, Fangfang and Meng, Yu and Zhang, Changjiang},
	booktitle={2016 2nd IEEE International Conference on Computer and Communications (ICCC)},
	pages={38--41},
	year={2016},
	organization={IEEE}
}
@article{kartoun2016methodology,
	title={A methodology to generate virtual patient repositories},
	author={Kartoun, Uri},
	journal={arXiv preprint arXiv:1608.00570},
	year={2016}
}
@article{inokuchi2007medtakmi,
	title={MedTAKMI-CDI: interactive knowledge discovery for clinical decision intelligence},
	author={Inokuchi, Akihiro and Takeda, Koichi and Inaoka, Noriko and Wakao, Fumihiko},
	journal={IBM Systems Journal},
	volume={46},
	number={1},
	pages={115--133},
	year={2007},
	publisher={IBM}
}

@article{chicco2020advantages,
	title={The advantages of the Matthews correlation coefficient (MCC) over F1 score and accuracy in binary classification evaluation},
	author={Chicco, Davide and Jurman, Giuseppe},
	journal={BMC genomics},
	volume={21},
	number={1},
	pages={1--13},
	year={2020},
	publisher={Springer}
}
@article{mchugh2012interrater,
	title={Interrater reliability: the kappa statistic},
	author={McHugh, Mary L},
	journal={Biochemia medica},
	volume={22},
	number={3},
	pages={276--282},
	year={2012},
	publisher={Medicinska naklada}
}
@book{gwet2014handbook,
	title={Handbook of inter-rater reliability: The definitive guide to measuring the extent of agreement among raters},
	author={Gwet, Kilem L},
	year={2014},
	publisher={Advanced Analytics, LLC}
}


% ======================== Musarrat References ==========
@article{althubaiti2020combining,
	title={Combining lexical and context features for automatic ontology extension},
	author={Althubaiti, Sara and Kafkas, {\c{S}}enay and Abdelhakim, Marwa and Hoehndorf, Robert},
	journal={Journal of biomedical semantics},
	volume={11},
	number={1},
	pages={1--13},
	year={2020},
	publisher={BioMed Central}
}

@inproceedings{nozaki2019semantic,
	title={Semantic Schema Matching for String Attribute with Word Vectors},
	author={Nozaki, Kenji and Hochin, Teruhisa and Nomiya, Hiroki},
	booktitle={2019 6th International Conference on Computational Science/Intelligence and Applied Informatics (CSII)},
	pages={25--30},
	year={2019},
	organization={IEEE}
}

@article{yousfi2020xmatcher,
	title={xmatcher: Matching extensible markup language schemas using semantic-based techniques},
	author={Yousfi, Aola and El Yazidi, Moulay Hafid and Zellou, Ahmed},
	journal={International Journal of Advanced Computer Science and Applications},
	volume={11},
	number={8},
	pages={655--665},
	year={2020}
}

@article{kersloot2020natural,
	title={Natural language processing algorithms for mapping clinical text fragments onto ontology concepts: a systematic review and recommendations for future studies},
	author={Kersloot, Martijn G and van Putten, Florentien JP and Abu-Hanna, Ameen and Cornet, Ronald and Arts, Derk L},
	journal={Journal of biomedical semantics},
	volume={11},
	number={1},
	pages={1--21},
	year={2020},
	publisher={Springer}
}

@inproceedings{bulygin2018combining,
	title={Combining lexical and semantic similarity measures with machine learning approach for ontology and schema matching problem},
	author={Bulygin, Lev},
	booktitle={Proceedings of the XX International Conference “Data Analytics and Management in Data Intensive Domains”(DAMDID/RCDL’2018)},
	pages={245--249},
	year={2018}
}

@article{martono2017review,
	title={Review implementation of linguistic approach in schema matching},
	author={Martono, Galih Hendro and Azhari, SN},
	journal={International Journal of Advances in Intelligent Informatics},
	volume={3},
	number={1},
	pages={1--9},
	year={2017},
	publisher={Universitas Ahmad Dahlan}
}

@article{alwan2017survey,
	title={A survey of schema matching research using database schemas and instances},
	author={Alwan, Ali A and Nordin, Azlin and Alzeber, Mogahed and Abualkishik, Abedallah Zaid},
	journal={International Journal of Advanced Computer Science and Applications},
	volume={8},
	number={10},
	year={2017}
}

@misc{SQLDataTypes,
	title = { SQL Data Types},
	howpublished = {\url{https://www.w3resource.com/sql/data-type.php}},
	note = {Accessed: 2021-01-14}
}

@inproceedings{xu2003discovering,
	title={Discovering direct and indirect matches for schema elements},
	author={Xu, Li and Embley, David W},
	booktitle={Eighth International Conference on Database Systems for Advanced Applications, 2003.(DASFAA 2003). Proceedings.},
	pages={39--46},
	year={2003},
	organization={IEEE}
}

@article{compton1992ripple,
	title={Ripple down rules: Turning knowledge acquisition into knowledge maintenance},
	author={Compton, Paul and Edwards, Glenn and Kang, Byeong and Lazarus, Leslie and Malor, Ron and Preston, Phil and Srinivasan, Ashwin},
	journal={Artificial Intelligence in Medicine},
	volume={4},
	number={6},
	pages={463--475},
	year={1992},
	publisher={Elsevier}
}

@article{richards2009two,
	title={Two decades of ripple down rules research},
	author={Richards, Debbie and others},
	year={2009},
	publisher={Cambridge University Press}
}

@article{kim2018rdr,
	title={RDR-based knowledge based system to the failure detection in industrial cyber physical systems},
	author={Kim, Dohyeong and Han, Soyeon Caren and Lin, Yingru and Kang, Byeong Ho and Lee, Sungyoung},
	journal={Knowledge-Based Systems},
	volume={150},
	pages={1--13},
	year={2018},
	publisher={Elsevier}
}

@article{moll2020oncology,
	title={Oncology health-care professionals’ perceived effects of patient accessible electronic health records 6 years after launch: a survey study at a major university hospital in Sweden},
	author={Moll, Jonas and Cajander, {\AA}sa},
	journal={Health informatics journal},
	volume={26},
	number={2},
	pages={1392--1403},
	year={2020},
	publisher={Sage Publications Sage UK: London, England}
}

@inproceedings{reimers-2019-sentence-bert,
	title = {Sentence-BERT: Sentence Embeddings using Siamese BERT-Networks},
	author = {Reimers, Nils and Gurevych, Iryna},
	booktitle = {Proceedings of the 2019 Conference on Empirical Methods in Natural Language Processing},
	month = {11},
	year = {2019},
	publisher = {Association for Computational Linguistics},
	url = {http://arxiv.org/abs/1908.10084},
}

@misc{FuzzyWuzzy,
	author = {{Adam Cohen}},
	title = {FuzzyWuzzy: Fuzzy String Matching in Python},
	url = {https://chairnerd.seatgeek.com/fuzzywuzzy-fuzzy-string-matching-in-python/},
	year = {Jul 8th, 2011}
	note = {Accessed: 2021-03-19}
}

@inproceedings{zhu2018exploring,
	title={Exploring semantic properties of sentence embeddings},
	author={Zhu, Xunjie and Li, Tingfeng and De Melo, Gerard},
	booktitle={Proceedings of the 56th Annual Meeting of the Association for Computational Linguistics (Volume 2: Short Papers)},
	pages={632--637},
	year={2018}
}
