% bmc_article.bib
% 
%  An example of bibtex entries.
%  Entries taken from BMC instructions for authors page.

% uncomment next line to make author-year bibliography
% @settings{label, options="nameyear"}


% ======================== Fahad References ============
@book{geraci1991ieee,
  title={IEEE standard computer dictionary: Compilation of IEEE standard computer glossaries},
  author={Geraci, Anne and Katki, Freny and McMonegal, Louise and Meyer, Bennett and Lane, John and Wilson, Paul and Radatz, Jane and Yee, Mary and Porteous, Hugh and Springsteel, Fredrick},
  year={1991},
  publisher={IEEE Press}
}

@misc{Himss_url2013,
author = {{Healthcare Information and Management Systems Society}},
booktitle = {Himss},
keywords = {Himss},
pages = {2013},
title = {{Definition of Interoperability}},
url = {http://www.himss.org/library/interoperability-standards/what-is},
year = {2013}
}

@article{khan2013process,
  title={Process interoperability in healthcare systems with dynamic semantic web services},
  author={Khan, Wajahat Ali and Hussain, Maqbool and Latif, Khalid and Afzal, Muhammad and Ahmad, Farooq and Lee, Sungyoung},
  journal={Computing},
  volume={95},
  number={9},
  pages={837--862},
  year={2013},
  publisher={Springer}
}

@article{ali2017multi,
  title={Multi-model-based interactive authoring environment for creating shareable medical knowledge},
  author={Ali, Taqdir and Hussain, Maqbool and Khan, Wajahat Ali and Afzal, Muhammad and Hussain, Jamil and Ali, Rahman and Hassan, Waseem and Jamshed, Arif and Kang, Byeong Ho and Lee, Sungyoung},
  journal={Computer Methods and Programs in Biomedicine},
  volume={150},
  pages={41--72},
  year={2017},
  publisher={Elsevier}
}
% ======================== Musarrat References ==========
@article{althubaiti2020combining,
	title={Combining lexical and context features for automatic ontology extension},
	author={Althubaiti, Sara and Kafkas, {\c{S}}enay and Abdelhakim, Marwa and Hoehndorf, Robert},
	journal={Journal of biomedical semantics},
	volume={11},
	number={1},
	pages={1--13},
	year={2020},
	publisher={BioMed Central}
}

@inproceedings{nozaki2019semantic,
	title={Semantic Schema Matching for String Attribute with Word Vectors},
	author={Nozaki, Kenji and Hochin, Teruhisa and Nomiya, Hiroki},
	booktitle={2019 6th International Conference on Computational Science/Intelligence and Applied Informatics (CSII)},
	pages={25--30},
	year={2019},
	organization={IEEE}
}

@article{yousfi2020xmatcher,
	title={xmatcher: Matching extensible markup language schemas using semantic-based techniques},
	author={Yousfi, Aola and El Yazidi, Moulay Hafid and Zellou, Ahmed},
	journal={International Journal of Advanced Computer Science and Applications},
	volume={11},
	number={8},
	pages={655--665},
	year={2020}
}

@article{kersloot2020natural,
	title={Natural language processing algorithms for mapping clinical text fragments onto ontology concepts: a systematic review and recommendations for future studies},
	author={Kersloot, Martijn G and van Putten, Florentien JP and Abu-Hanna, Ameen and Cornet, Ronald and Arts, Derk L},
	journal={Journal of biomedical semantics},
	volume={11},
	number={1},
	pages={1--21},
	year={2020},
	publisher={Springer}
}

@inproceedings{bulygin2018combining,
	title={Combining lexical and semantic similarity measures with machine learning approach for ontology and schema matching problem},
	author={Bulygin, Lev},
	booktitle={Proceedings of the XX International Conference “Data Analytics and Management in Data Intensive Domains”(DAMDID/RCDL’2018)},
	pages={245--249},
	year={2018}
}
